@article{Liu2018,
  title = {Differentiable learning of quantum circuit Born machines},
  author = {Liu, Jin-Guo and Wang, Lei},
  journal = {Phys. Rev. A},
  volume = {98},
  issue = {6},
  pages = {062324},
  numpages = {9},
  year = {2018},
  month = {Dec},
  publisher = {American Physical Society},
  doi = {10.1103/PhysRevA.98.062324},
  url = {https://link.aps.org/doi/10.1103/PhysRevA.98.062324}
}

@article{OMalley2016,
  title = {Scalable Quantum Simulation of Molecular Energies},
  author = {O'Malley, P. J. J. and Babbush, R. and Kivlichan, I. D. and Romero, J. and McClean, J. R. and Barends, R. and Kelly, J. and Roushan, P. and Tranter, A. and Ding, N. and Campbell, B. and Chen, Y. and Chen, Z. and Chiaro, B. and Dunsworth, A. and Fowler, A. G. and Jeffrey, E. and Lucero, E. and Megrant, A. and Mutus, J. Y. and Neeley, M. and Neill, C. and Quintana, C. and Sank, D. and Vainsencher, A. and Wenner, J. and White, T. C. and Coveney, P. V. and Love, P. J. and Neven, H. and Aspuru-Guzik, A. and Martinis, J. M.},
  journal = {Phys. Rev. X},
  volume = {6},
  issue = {3},
  pages = {031007},
  numpages = {13},
  year = {2016},
  month = {Jul},
  publisher = {American Physical Society},
  doi = {10.1103/PhysRevX.6.031007},
  url = {https://link.aps.org/doi/10.1103/PhysRevX.6.031007}
}

@article{Kandala2017,
    title={Hardware-efficient variational quantum eigensolver for small molecules and quantum magnets},
    author={Kandala, Abhinav and Mezzacapo, Antonio and Temme, Kristan and Takita, Maika and Brink, Markus and Chow, Jerry M and Gambetta, Jay M},
    journal={Nature},
    volume={549},
    number={7671},
    pages={242},
    year={2017},
    publisher={Nature Publishing Group},
    url={https://www.nature.com/articles/nature23879}
}


@article{Liu2019,
  title = {Variational quantum eigensolver with fewer qubits},
  author = {Liu, Jin-Guo and Zhang, Yi-Hong and Wan, Yuan and Wang, Lei},
  journal = {Phys. Rev. Research},
  volume = {1},
  issue = {2},
  pages = {023025},
  numpages = {10},
  year = {2019},
  month = {Sep},
  publisher = {American Physical Society},
  doi = {10.1103/PhysRevResearch.1.023025},
  url = {https://link.aps.org/doi/10.1103/PhysRevResearch.1.023025}
}

@article{Zeng2019,
  title = {Learning and inference on generative adversarial quantum circuits},
  author = {Zeng, Jinfeng and Wu, Yufeng and Liu, Jin-Guo and Wang, Lei and Hu, Jiangping},
  journal = {Phys. Rev. A},
  volume = {99},
  issue = {5},
  pages = {052306},
  numpages = {8},
  year = {2019},
  month = {May},
  publisher = {American Physical Society},
  doi = {10.1103/PhysRevA.99.052306},
  url = {https://link.aps.org/doi/10.1103/PhysRevA.99.052306}
}

